% Encoding: UTF-8

@article{bernardo2008,
  title     = {A Import{\^a}ncia dos Testes Automatizados},
  author    = {Bernardo, Paulo Cheque and Kon, Fabio},
  publisher = {Engenharia  de  Software  Magazine},
  year      = {2008},
}

@article{beck1998,
author="Beck, Kent",
editor="Astesiano, Egidio",
title="Extreme programming: A humanistic discipline of software development",
booktitle="Fundamental Approaches to Software Engineering",
year="1998",
publisher="Springer Berlin Heidelberg",
address="Berlin, Heidelberg",
pages="1--6",
abstract="Once a farmer and his friend were sitting at a battered kitchen table. The farmer said, ``It's time for the mule's lesson.'' Out they went into the yard. The farmer picked up a thick tree branch lying on the ground. He walked up to the mule and hit it over the head so hard the branch shattered. The mule staggered. His friend's jaw dropped. The friend said, ``You can't teach a mule a lesson like that.'' ``That wasn't the lesson,'' replied the farmer, ``that was just to get his attention.''",
isbn="978-3-540-69723-7"
}

@article{beck1998test,
  title={Test infected: Programmers love writing tests},
  author={Beck, Kent and Gamma, Erich},
  journal={Java Report},
  volume={3},
  number={7},
  pages={37--50},
  year={1998},
  publisher={Citeseer}
}

@Book{Buzan2009,
  author    = {Tony Buzan},
  publisher = {Editora Sextante},
  title     = {Mapas mentais},
  year      = {2009},
  isbn      = {9788575424933},
  month     = jul,
  edition   = {1},
}

@Book{Crispin2009,
  author    = {Lisa Crispin, Janet Gregory},
  publisher = {Addison Wesley},
  title     = {Agile Testing},
  year      = {2009},
  isbn      = {9780321534460},
  month     = jan,
  ean       = {9780321534460},
  pagetotal = {576},
  url       = {https://www.ebook.de/de/product/7779433/lisa_crispin_janet_gregory_agile_testing.html},
}

@Book{Martin2020,
  author    = {Martin, Robert C.},
  editor    = {Alta Books},
  title     = {Desenvolvimento ágil limpo: de volta às origens},
  year      = {2020},
  address   = {Rio de Janeiro, RJ},
  isbn      = {9788550815008},
}

@Book{Myers2012,
  author    = {Myers, Glenford},
  publisher = {John Wiley \& Sons},
  title     = {The art of software testing},
  year      = {2012},
  address   = {Hoboken, N.J},
  isbn      = {1118031962},
}

@Book{Valente2020,
  author    = {Valente, Marco Tulio},
  editor    = {Independente},
  publisher = {Amazon},
  title     = {Engenharia de Software Moderna},
  year      = {2020},
  edition   = {1},
  isbn      = {6500019504},
}

@Book{ISQTB2019,
  author    = {Graham, Dorothy (Software Testing Consultant) and (President, Rex and and) Inc.) Black, Rex Black Consulting Services (R. B. C. S. and van Veenendaal, Erik (Improve Quality Services B. V.)},
  publisher = {Cengage Learning EMEA},
  title     = {Foundations of Software Testing},
  year      = {2019},
  isbn      = {1473764793},
  date      = {2019-07-19},
  ean       = {9781473764798},
  pagetotal = {288},
  url       = {https://www.ebook.de/de/product/37327358/dorothy_software_testing_consultant_graham_rex_president_rex_black_consulting_services_rbcs_inc_black_erik_improve_quality_services_b_v_van_veenendaal_foundations_of_software_testing.html},
}

@Book{Pressman2015,
  author    = {Pressman, Roger},
  publisher = {McGraw-Hill Education},
  title     = {Software engineering : a practitioner's approach},
  year      = {2015},
  address   = {New York, NY},
  isbn      = {0078022126},
}

@Book{sommerville2019,
  author    = {Sommerville, Ian},
  publisher = {Pearson Prentice Hall},
  title     = {Engenharia de software},
  year      = {2019},
  address   = {S\~ao Paulo},
  isbn      = {8543024978},
}

@Manual{XMind2022,
  author        = {XMind},
  title         = {XMind - Mind Mapping Software},
  year          = {2022},
  groups        = {XMind},
  timestamp     = {2022.03.08},
  url           = {https://www.xmind.net/},
  urlaccessdate = {08 de março de 2022},
}


@Manual{PHP2021,
  author        = {PHP},
  title         = {Manual do PHP},
  year          = {2021},
  groups        = {PHP},
  timestamp     = {2021.09.20},
  url           = {https://www.php.net/manual/pt_BR/preface.php},
  urlaccessdate = {20 de setembro de 2021},
}

@Manual{Laravel2021,
  author        = {Laravel},
  title         = {Laravel Docs},
  year          = {2021},
  groups        = {PHP},
  timestamp     = {2021.09.20},
  url           = {https://laravel.com/docs},
  urlaccessdate = {20 de setembro de 2021},
}

@Manual{PHPcombr,
  author        = {php.com.br},
  title         = {Testes unitários com a PHPUnit},
  year          = {2019},
  groups        = {PHP},
  timestamp     = {2022.03.08},
  url           = {https://php.com.br/24?testes-unitarios-com-a-phpunit},
  urlaccessdate = {08 de março de 2022},
}

https://php.com.br/24?testes-unitarios-com-a-phpunit

@Manual{MariaDB2021,
  author        = {MariaDB},
  title         = {MariaDB Server: The open source relational database},
  year          = {2021},
  groups        = {MariaDB},
  timestamp     = {2021.09.20},
  url           = {https://mariadb.org/},
  urlaccessdate = {20 de setembro de 2021},
}

https://mariadb.org/













@Book{Newman2021,
  author    = {Newman, Sam},
  editor    = {O'Reilly Media, Inc.},
  publisher = {O'Reilly UK Ltd.},
  title     = {Building Microservices},
  year      = {2021},
  isbn      = {1492034029},
  date      = {2021-06-01},
  ean       = {9781492034025},
  groups    = {Microservices},
  pagetotal = {250},
  url       = {https://www.ebook.de/de/product/32035691/sam_newman_building_microservices.html},
}

@Book{Mitra2020,
  author    = {Mitra, Ronnie and Nadareishvili, Irakli},
  publisher = {O'Reilly Media, Inc},
  title     = {Microservices : Up and Running},
  year      = {2020},
  address   = {City},
  isbn      = {9781492075455},
  groups    = {Microservices},
}

@Book{Garofolo2020,
  author    = {Garofolo, Ethan},
  publisher = {O'Reilly UK Ltd.},
  title     = {Practical Microservices},
  year      = {2020},
  isbn      = {1680506455},
  date      = {2020-05-01},
  ean       = {9781680506457},
  groups    = {Microservices},
  pagetotal = {267},
  url       = {https://www.ebook.de/de/product/35138012/ethan_garofolo_practical_microservices.html},
}

@Book{MorganBruce2019,
  author    = {Bruce, Morgan and Pereira, Paulo A.},
  publisher = {Manning Publications},
  title     = {Microservices in Action},
  year      = {2019},
  isbn      = {1617294454},
  date      = {2019-01-25},
  ean       = {9781617294457},
  groups    = {Microservices},
  pagetotal = {392},
  url       = {https://www.ebook.de/de/product/31541486/morgan_bruce_paulo_pereira_microservices_in_action.html},
}

@Book{Newman2019,
  author    = {Newman, Sam},
  publisher = {O'Reilly UK Ltd.},
  title     = {Monolith to Microservices},
  year      = {2019},
  isbn      = {1492047848},
  date      = {2019-12-01},
  ean       = {9781492047841},
  groups    = {Microservices},
  url       = {https://www.ebook.de/de/product/35455770/sam_newman_monolith_to_microservices.html},
}

@Book{Fowler2016,
  author    = {Fowler, Susan J.},
  publisher = {O'Reilly UK Ltd.},
  title     = {Production-Ready Microservices},
  year      = {2016},
  isbn      = {1491965975},
  date      = {2016-12-19},
  ean       = {9781491965979},
  groups    = {Microservices},
  url       = {https://www.ebook.de/de/product/26751283/susan_j_fowler_production_ready_microservices.html},
}

@Book{Nadareishvili2016,
  author    = {Nadareishvili, Irakli and Mitra, Ronnie and McLarty, Matt and Amundsen, Mike},
  publisher = {O'Reilly Media, Inc, USA},
  title     = {Microservice Architecture},
  year      = {2016},
  isbn      = {1491956259},
  date      = {2016-08-19},
  doi       = {10.1145/3184558.3192329},
  ean       = {9781491956250},
  groups    = {Microservices},
  pagetotal = {146},
  url       = {https://www.ebook.de/de/product/26615248/mike_amundsen_matt_mclarty_microservice_architecture.html},
}

@Manual{abnTeX22014b,
  title         = {A classe abntex2},
  author        = {abnTeX2 and Lauro C\'{e}sar Araujo},
  organization  = {Equipe abnTeX2},
  year          = {2014},
  bdsk-url-1    = {http://code.google.com/p/abntex2/wiki/Download},
  groups        = {Referências ABNT},
  pages         = {46},
  subtitle      = {Documentos t\'{e}cnicos e cient\'{i}ficos brasileiros compat\'{i}veis com as normas ABNT},
  timestamp     = {2014.09.27},
  url           = {http://abntex2.googlecode.com/},
  urlaccessdate = {12 de setembro de 2014},
}

@Manual{abnTeX22014d,
  title  = {O pacote abntex2cite},
  author        = {abnTeX2 and Lauro C\'{e}sar Araujo},
  organization  = {Equipe abnTeX2},
  year          = {2014},
  bdsk-url-1    = {http://code.google.com/p/abntex2/wiki/Download},
  groups        = {Referências ABNT},
  pages         = {46},
  subtitle      = {Documentos t\'{e}cnicos e cient\'{i}ficos brasileiros compat\'{i}veis com as normas ABNT},
  timestamp     = {2014.09.27},
  url           = {http://abntex2.googlecode.com/},
  urlaccessdate = {12 de setembro de 2014},
}

@Manual{abnTeX22014c,
  title         = {O pacote abntex2cite},
  author        = {Lauro C\'{e}sar Araujo and abnTeX2},
  organization  = {Equipe abnTeX2},
  year          = {2014},
  bdsk-url-1    = {http://code.google.com/p/abntex2/wiki/Download},
  groups        = {Referências ABNT},
  pages         = {23},
  subtitle      = {T\'{o}picos espec\'{i}ficos da ABNT NBR 10520:2002 e o estilo bibliogr\'{a}fico alfab\'{e}tico (sistema autor-data)},
  timestamp     = {2014.09.27},
  url           = {http://abntex2.googlecode.com/},
  urlaccessdate = {12 de setembro de 2014},
}

@Book{Barbosa2004,
  author    = {Carlos Barbosa and {Maria da} Silva Cardoso and {Tenitos da} Silva and Carminda Soares},
  publisher = {Editora},
  title     = {Testando a utiliza{\c c}\~ao de ``et al.''},
  year      = {2004},
  address   = {Cidade},
  edition   = {2},
  groups    = {Referências ABNT},
  page      = {5},
  timestamp = {2014.09.24},
}

@Misc{BibTeX2014,
  author        = {BibTeX},
  title         = {BibTeX.org},
  year          = {2014},
  groups        = {Referências ABNT},
  timestamp     = {2014.09.27},
  url           = {http://www.bibtex.org},
  urlaccessdate = {31 de julho de 2014},
}

@Book{Buerger1989,
  author    = {Buerger, David John},
  publisher = {McGraw-Hill},
  title     = {LaTeX for scientists and engineers},
  year      = {1989},
  address   = {Singapura},
  groups    = {Referências ABNT},
  timestamp = {2014.09.27},
}
{Carvalho2001,
  Title                    = {Intelig{\^e}ncia competitiva numa vis\~ao de futuro},
  Author                   = {Cl\{\textquoteright}{a}udia Carvalho and Jos\'{e} Fajardo and Joaquim Cruz},
  Journal                  = {DataGramaZero - Revista da Ci{\^e}ncia da Informa{\c c}\~ao},
  Year                     = {2001},
  Number                   = {3},
  Pages                    = {12--16},
  Volume                   = {2},

  Mounth                   = {junho},
  Subtitle                 = {proposta metodol\'{o}gica},
  Timestamp                = {2014.09.27}
}

@Book{Goossens2007,
  author    = {Goossens, Michel and Mittelbach, Frank and Rahtz, Sebastian and Roegel, Denis and Voss, Herbert},
  publisher = {Addison-Wesley},
  title     = {The LaTeX graphics companion},
  year      = {2007},
  address   = {Boston},
  edition   = {2},
  groups    = {Referências ABNT},
  timestamp = {2014.09.27},
}

@Misc{IRL2014,
  author        = {IRL},
  title         = {Internet Research Laboratory},
  year          = {2014},
  groups        = {Referências ABNT},
  key           = {IRL},
  timestamp     = {2014.09.24},
  url           = {http://irl.cs.ucla.edu/topology},
  urlaccessdate = {8 de mar{\c c}o de 2014},
}

@Book{Kopka2003,
  author    = {Kopka, Helmut and Daly, Patrick W.},
  publisher = {Addison-Wesley},
  title     = {Guide to LaTeX},
  year      = {2003},
  address   = {Boston},
  edition   = {4},
  groups    = {Referências ABNT},
  timestamp = {2014.09.27},
}

@Book{Lamport1986,
  author    = {Lamport, Leslie},
  publisher = {Addison-Wesley},
  title     = {LaTeX: a document preparation system},
  year      = {1986},
  address   = {Boston},
  groups    = {Referências ABNT},
  timestamp = {2014.09.27},
}

@Misc{LaTeX2014,
  author        = {LaTeX},
  title         = {The LaTeX project},
  year          = {2014},
  groups        = {Referências ABNT},
  timestamp     = {2014.09.27},
  url           = {http://www.latex-project.org},
  urlaccessdate = {31 de julho de 2014},
}

@Book{Maturana2003,
  author    = {Humberto R. Maturana and Francisco J. Varela},
  publisher = {Editora Palas Athena},
  title     = {A \'{A}rvore do Conhecimento},
  year      = {2003},
  address   = {S\~ao Paulo},
  edition   = {3},
  groups    = {Referências ABNT},
  page      = {283},
  subtitle  = {as bases biol\'{o}gicas da compreens\~{a}o humana},
  timestamp = {2014.09.27},
}

@Book{Mittelbach2004,
  author    = {Mittelbach, Frank and Goossens, Michel and Braams, Johannes and Carlisle, David and Rowley, Chris},
  publisher = {Addison-Wesley},
  title     = {The LaTeX companion},
  year      = {2004},
  address   = {Boston},
  edition   = {2},
  groups    = {Referências ABNT},
  timestamp = {2014.09.27},
}

@PhdThesis{Neubert2001,
  author         = {Marden Silveira Neubert},
  school         = {Departamento de Computa{\c c}\~ao, Universidade Federal de Minas Gerais},
  title          = {Algoritmos Distribu\'{i}dos para a Constru{\c c}\~ao de Arquivos Invertidos},
  year           = {2001},
  address        = {Belo Horizonte},
  type           = {Doutorado em Ci{\^e}ncia da Computa{\c c}\~ao},
  groups         = {Referências ABNT},
  pagename       = {f.},
  pages          = {145},
  timestamp      = {2014.09.26},
  year-presented = {Mar{\c c}o 2001},
}

@MastersThesis{Santos2003,
  author         = {Bruno Andr\'{e} Santos},
  school         = {Centro Federal de Educa{\c c}\~ao Tecnol\'{o}gica de Minas Gerais},
  title          = {Aspectos Conceituais e Arquiteturais para a Cria{\c c}\~ao de Linhagens de Agentes de Software Cognitivos e Situados},
  year           = {2003},
  address        = {Belo Horizonte},
  type           = {Mestrado em Tecnologia -- Nome da \'{a}rea de concentra{\c c}\~ao},
  groups         = {Referências ABNT},
  key            = {intelig{\^e}ncia artificial, agentes inteligentes, cogni{\c c}\~ao situada},
  pagename       = {f.},
  pages          = {130},
  timestamp      = {2014.09.26},
  year-presented = {Junho 2003},
}

@Book{Silva2000,
  author    = {Silva, Joaquim and Souza, Jo\~ao {Luiz de}},
  publisher = {Editora Petr\'{o}polis},
  title     = {A Intelig{\^e}ncia da Complexidade},
  year      = {2000},
  address   = {S\~ao Paulo},
  groups    = {Referências ABNT},
  timestamp = {2014.09.24},
}

@MastersThesis{Souza2012,
  author         = {Celso {Luiz de} Souza},
  school         = {Centro Federal de Educa{\c c}\~ao Tecnol\'{o}gica de Minas Gerais},
  title          = {Recupera{\c c}\~ao de V\'{i}deos Baseada em Conte\'{u}do em um Sistema de Informa{\c c}\~ao para Apoio \`{a} An\'{a}lise do Discurso Televisivo},
  year           = {2012},
  address        = {Belo Horizonte},
  type           = {Mestrado em Modelagem Matem\'{a}tica e Computacional -- Sistemas Inteligentes},
  groups         = {Referências ABNT},
  pagename       = {f.},
  pages          = {130},
  timestamp      = {2014.09.26},
  year-presented = {Outubro 2011},
}

@Article{vanGELDER1998,
  author    = {Tim {van GELDER}},
  journal   = {Behavioral and Brain Sciences},
  title     = {Disentangling Dynamics, Computation and Cognition},
  year      = {1998},
  pages     = {40--47},
  volume    = {21},
  groups    = {Referências ABNT},
  key       = {cognitive science, digital computer, dynamical hypothesis, dynamical system},
  timestamp = {2014.09.26},
}

@Manual{NBR14724:2011,
  title        = {{ABNT NBR} 14724},
  address      = {Rio de Janeiro},
  month        = mar,
  organization = {Associa{\c c}\~ao Brasileira de Normas T\'ecnicas},
  year         = {2011},
  groups       = {Referências ABNT},
  org-short    = {ABNT},
  pages        = {11},
  subtitle     = {Informa{\c c}\~ao e documenta{\c c}\~ao --- Trabalhos acad\^emicos --- Apresenta{\c c}\~ao},
  timestamp    = {2014.09.27},
}

@Manual{NBR15287:2005,
  title        = {{ABNT NBR} 15287},
  address      = {Rio de Janeiro},
  month        = {dez.},
  organization = {Associa{\c c}\~ao Brasileira de Normas T\'ecnicas},
  year         = {2005},
  groups       = {Referências ABNT},
  org-short    = {ABNT},
  pages        = {6},
  subtitle     = {Informa{\c c}\~ao e documenta{\c c}\~ao --- Projeto de pesquisa --- Apresenta{\c c}\~ao},
  timestamp    = {2014.09.27},
}

@Manual{NBR10520:2002,
  title        = {{NBR} 10520},
  address      = {Rio de Janeiro},
  month        = {ago.},
  organization = {Associa{\c c}\~ao Brasileira de Normas T\'ecnicas},
  year         = {2002},
  groups       = {Referências ABNT},
  org-short    = {ABNT},
  pages        = {7},
  subtitle     = {Informa{\c c}\~ao e documenta{\c c}\~ao --- Cita{\c c}\~oes em documentos --- Apresenta{\c c}\~ao},
  timestamp    = {2014.09.27},
}

@Manual{NBR6023:2002,
  title        = {{NBR} 6023},
  address      = {Rio de Janeiro},
  month        = {ago.},
  organization = {Associa{\c c}\~ao Brasileira de Normas T\'ecnicas},
  year         = {2002},
  groups       = {Referências ABNT},
  org-short    = {ABNT},
  pages        = {24},
  subtitle     = {Informa{\c c}\~ao e documenta{\c c}\~ao --- Refer\^encias --- Elabora{\c c}\~ao},
  timestamp    = {2014.09.27},
}

@Comment{jabref-meta: databaseType:bibtex;}

@Comment{jabref-meta: grouping:
0 AllEntriesGroup:;
1 StaticGroup:Microservices\;0\;1\;0x000080ff\;\;Referências de microserviços\;;
1 StaticGroup:Referências ABNT\;0\;1\;0x8a8a8aff\;\;Normas abnt e documentação Latex\;;
}
